%%%%%%%%%%%%%%%%%%%%%%%%%%%%%%%%%%%%%%%%%%%%%%%%%%%%%%%%%%%% 
% Exemplos
%%%%%%%%%%%%%%%%%%%%%%%%%%%%%%%%%%%%%%%%%%%%%%%%%%%%%%%%%%%% 

@book{atalho,
    author    = {Autor}, 
    title     = {Nome do livro},
    publisher = {Editora},
    journal   = {Editora},
    year      = {ano},
    volume    = {volume},
    series    = {serie},
    pages     = {paginas},
    address   = {Endereço},
    edition   = {edição},
    month     = {mês},
    note      = {Anotação},
    isbn      = {ISBN}
}

@ABNT-options{referencias,
    abnt-emphasize              ="\textbf",
    abnt-repeated-field-omit    ="no",
    abnt-full-initials          ="no",
    abnt-show-options           ="list",
    abnt-thesis-year            ="final",
    abnt-etal-list              =3,
    key                         ="aaaa"
}

%%%%%%%%%%%%%%%%%%%%%%%%%%%%%%%%%%%%%%%%%%%%%%%%%%%%%%%%%%%% 
% Referencias Ananana
%%%%%%%%%%%%%%%%%%%%%%%%%%%%%%%%%%%%%%%%%%%%%%%%%%%%%%%%%%%% 

% ------------------- ABNT --------------------
@book{ref:MEP_livro_gil,
   title =     {Como elaborar projetos de pesquisa},
   author =    {Antonio Carlos Gil},
   publisher = {Editora Atlas S.A.},
   isbn =      {9788522478408,8522478406},
   year =      {2002},
   edition =   {4}
}

@book{ref:MEP_livro_malhotra,
   title =     {Pesquisa de marketing: uma orientação aplicada},
   author =    {Naresh Malhotra},
   publisher = {Bookman},
   isbn =      {978-85-407-0062-8},
   year =      {2010},
   edition =   {6}
}

% -------------------- EMC --------------------
